% This file was created with JabRef 2.5.
% Encoding: Cp1252

@ARTICLE{devtools,
  author = {Brenda Barron},
  title = {Why You Should Start Using Chrome Developer Tools Right Now},
  year = {2015},
  publisher = {elegant themes},
  url = {https://www.elegantthemes.com/blog/resources/why-you-should-start-using-chrome-developer-tools-right-now}
}

@MANUAL{devtoolsprotocol,
  title = {Chrome DevTools Protocol Viewer - latest (tip-of-tree)},
  author = {Chrome DevTools team},
  organization = {Google},
  url = {https://chromedevtools.github.io/devtools-protocol/}
}

@ARTICLE{zte,
  author = {Yiling Xu, Shaowei Xie, Hao Chen, Le Yang, and Jun Sun},
  title = {DASH and MMT and Their Applications in ATSC 3.0},
  year = {2016},
  journal = {ZTE COMMUNICATIONS},
  volume = {14},
  number = {1},
  pages = {39--50}
}

@ARTICLE{evolution,
  author = {Podhradsky, Pavol},
  title = {Evolution trends in hybrid broadcast broadband TV.},
  year = {2013},
  journal = {ELMAR, 2013 55th International Symposium}
}

@MISC{adrTV,
  author = {Gartnet},
  title = {Gartner IT Glossary > Addressable TV Advertising},
  url = {http://www.gartner.com/it-glossary/addressable-tv-advertising}
}

@MANUAL{hbbtv15,
  title = {ETSI TS 102 796 V1.2.1},
  author = {HbbTV Association},
  month = {11},
  year = {2012}
}

@MANUAL{biapps,
  author = {Klaus Merkel},
  title = {HbbTV â€” a hybrid broadcast-broadband system for the living room},
  organization = {IRT Munich},
  year = {2010}
}

@BOOK{SIPBook,
  title = {SIP, understanding the Session Initiation Protocol, Second Edition},
  publisher = {Artech House Publishers},
  year = {2003},
  author = {Alan B. Johnston},
  note = {ISBN: 1580536557}
}

@STANDARD{rfcsip,
  title = {SIP: Session Initiation Protocol},
  author = {J. Rosenberg and H. Schulzrinne and G. Camarillo and A. Johnston
	and J. Peterson and R. Sparks and M. Handley and E. Schooler},
  howpublished = {RFC 3261 (Proposed Standard)},
  number = {3261},
  month = jun,
  year = {2002},
  note = {Updated by RFCs 3265, 3853, 4320, 4916, 5393},
  url = {http://www.ietf.org/rfc/rfc3261.txt},
  organisation = {Internet Engineering Task Force},
  publisher = {IETF},
  series = {Request for Comments}
}

@MANUAL{w3cwsdl,
  title = {Web Services Description Language (WSDL) 1.1},
  organization = {W3C},
  year = {2001},
  note = {\url{http://www.w3.org/TR/wsdl}}
}
